<record><leader>00000cas a22000007a 4500</leader><controlfield tag="001">16896727</controlfield><controlfield tag="008">871026d1883191uohuwr ne      0    0eng d</controlfield><datafield ind1=" " ind2=" " tag="010"><subfield code="a">sn 87076748 </subfield></datafield><datafield ind1=" " ind2=" " tag="040"><subfield code="a">ONP</subfield><subfield code="b">eng</subfield><subfield code="c">ONP</subfield><subfield code="d">OCLCQ</subfield></datafield><datafield ind1=" " ind2=" " tag="042"><subfield code="a">msc</subfield></datafield><datafield ind1="0" ind2="4" tag="245"><subfield code="a">The Antwerp Argus.</subfield></datafield><datafield ind1=" " ind2=" " tag="260"><subfield code="a">Antwerp, Ohio :</subfield><subfield code="b">Will. E. Osborn,</subfield><subfield code="c">1883-</subfield></datafield><datafield ind1=" " ind2=" " tag="310"><subfield code="a">Weekly</subfield></datafield><datafield ind1="0" ind2=" " tag="362"><subfield code="a">Vol. 1, no. 1 (July 19, 1883)-</subfield></datafield><datafield ind1="1" ind2=" " tag="362"><subfield code="a">Ceased in 1913.</subfield></datafield><datafield ind1=" " ind2=" " tag="525"><subfield code="a">Supplements accompany some issues.</subfield></datafield><datafield ind1=" " ind2="4" tag="651"><subfield code="a">Antwerp (Ohio)</subfield><subfield code="v">Newspapers.</subfield></datafield><datafield ind1=" " ind2="4" tag="651"><subfield code="a">Paulding County (Ohio)</subfield><subfield code="v">Newspapers.</subfield></datafield><datafield ind1=" " ind2=" " tag="752"><subfield code="a">United States</subfield><subfield code="b">Ohio</subfield><subfield code="c">Paulding</subfield><subfield code="d">Antwerp.</subfield></datafield><datafield ind1="0" ind2="7" tag="785"><subfield code="t">Antwerp bee (Antwerp, Ohio)</subfield><subfield code="w">(DLC)sn 93065808</subfield></datafield><datafield ind1="0" ind2="7" tag="785"><subfield code="t">Antwerp Bee-Argus</subfield><subfield code="w">(DLC)sn 87076749</subfield></datafield><datafield ind1="1" ind2=" " tag="029"><subfield code="a">AU@</subfield><subfield code="b">000025801557</subfield></datafield></record>